@ARTICLE{88573,
    author={Umeyama, S.},
    journal={IEEE Transactions on Pattern Analysis and Machine Intelligence},
    title={Least-squares estimation of transformation parameters between two point patterns},
    year={1991},
    volume={13},
    number={4},
    pages={376-380},
    doi={10.1109/34.88573}
}