@online{slides,
    author = {{Prof. Daniel Cremers}},
    title = {Multiple View Geometry course: Representing a Moving Scene},
    url = {https://vision.in.tum.de/_media/teaching/ss2019/mvg2019/material/multiviewgeometry2.pdf},
    organization = {Technical University of Munich},
    date = {2019},
}